<?xml version="1.0" encoding="UTF-8"?><collection xmlns="http://www.loc.gov/MARC21/slim"><record><leader>00569nam--2200193-u-4500</leader><controlfield tag="001">000052510</controlfield><controlfield tag="002">20161230</controlfield><controlfield tag="005">20161230201050</controlfield><controlfield tag="008">100826s1000------------r-----000-0-rus-d</controlfield><datafield ind1=" " ind2=" " tag="040"><subfield code="a">IFIN-HH</subfield></datafield><datafield ind1=" " ind2=" " tag="041"><subfield code="a">rus</subfield></datafield><datafield ind1=" " ind2=" " tag="080"><subfield code="a">532.517.4</subfield></datafield><datafield ind1="1" ind2=" " tag="100"><subfield code="a">Frost, W</subfield></datafield><datafield ind1="1" ind2="0" tag="245"><subfield code="a">Turbulentnosti</subfield><subfield code="b">Principi i primeneniia</subfield><subfield code="c">Walter Frost, Trevor H. Moulden</subfield></datafield><datafield ind1=" " ind2=" " tag="260"><subfield code="a">Moskva</subfield><subfield code="b">Mir</subfield><subfield code="c">1980</subfield></datafield><datafield ind1=" " ind2=" " tag="500"><subfield code="a">Tit. orig. in lb. engleza: Handbook of Turbulence. Vol.1. Fundamentals and Applications</subfield></datafield><datafield ind1="1" ind2=" " tag="700"><subfield code="a">Moulden, Trevor H</subfield></datafield><datafield ind1=" " ind2=" " tag="852"><subfield code="a">75503</subfield><subfield code="c">532</subfield></datafield><datafield ind1=" " ind2=" " tag="CAT"><subfield code="a">Sys</subfield><subfield code="c">20100826</subfield><subfield code="h">145621</subfield></datafield></record></collection>